% Encoding: UTF-8

@Article{Chao2010,
  author    = {Chao},
  title     = {Long-term asynchronous decoding of arm motion using electrocorticographic signals in monkey},
  journal   = {Frontiers in Neuroengineering},
  year      = {2010},
  doi       = {10.3389/fneng.2010.00003},
  publisher = {Frontiers Media {SA}},
}

@Article{Waldert2008,
  author    = {S. Waldert and H. Preissl and E. Demandt and C. Braun and N. Birbaumer and A. Aertsen and C. Mehring},
  title     = {Hand Movement Direction Decoded from {MEG} and {EEG}},
  journal   = {Journal of Neuroscience},
  year      = {2008},
  volume    = {28},
  number    = {4},
  pages     = {1000--1008},
  month     = {jan},
  doi       = {10.1523/jneurosci.5171-07.2008},
  publisher = {Society for Neuroscience},
}

@Article{Jirsa2002,
  author    = {V.K. Jirsa and K.J. Jantzen and A. Fuchs and J.A.S. Kelso},
  title     = {Spatiotemporal forward solution of the {EEG} and {MEG} using network modeling},
  journal   = {{IEEE} Transactions on Medical Imaging},
  year      = {2002},
  volume    = {21},
  number    = {5},
  pages     = {493--504},
  month     = {may},
  doi       = {10.1109/tmi.2002.1009385},
  publisher = {Institute of Electrical and Electronics Engineers ({IEEE})},
}

@Article{Krishnan2011,
  author    = {Anjali Krishnan and Lynne J. Williams and Anthony Randal McIntosh and Herv{\'{e}} Abdi},
  title     = {Partial Least Squares ({PLS}) methods for neuroimaging: A tutorial and review},
  journal   = {{NeuroImage}},
  year      = {2011},
  volume    = {56},
  number    = {2},
  pages     = {455--475},
  month     = {may},
  doi       = {10.1016/j.neuroimage.2010.07.034},
  publisher = {Elsevier {BV}},
}

@Unpublished{Brems2017,
  author = {Matt Brems},
  title  = {A One-Stop Shop for Principal Component Analysis},
  note   = {A One-Stop Shop for Principal Component Analysis},
  url    = {https://towardsdatascience.com/a-one-stop-shop-for-principal-component-analysis-5582fb7e0a9c},
}

@Misc{Data2016,
  author = {Miller, Kai Joshua},
  title  = {A library of human electrocorticographic data and analyses},
  year   = {2016},
  note   = {Stanford Digital Repository. Available at: https://purl.stanford.edu/zk881ps0522},
  url    = {https://purl.stanford.edu/zk881ps0522},
}

@Article{Eliseyev2011,
  author    = {Andrey Eliseyev and Cecile Moro and Thomas Costecalde and Napoleon Torres and Sadok Gharbi and Corinne Mestais and Alim Louis Benabid and Tatiana Aksenova},
  title     = {{IterativeN}-way partial least squares for a binary self-paced brain{\textendash}computer interface in freely moving animals},
  journal   = {Journal of Neural Engineering},
  year      = {2011},
  volume    = {8},
  number    = {4},
  pages     = {046012},
  month     = {jun},
  doi       = {10.1088/1741-2560/8/4/046012},
  publisher = {{IOP} Publishing},
}

@Article{Eliseyev2012,
  author    = {Andrey Eliseyev and Cecile Moro and Jean Faber and Alexander Wyss and Napoleon Torres and Corinne Mestais and Alim Louis Benabid and Tetiana Aksenova},
  title     = {L1-Penalized N-way {PLS} for subset of electrodes selection in {BCI} experiments},
  journal   = {Journal of Neural Engineering},
  year      = {2012},
  volume    = {9},
  number    = {4},
  pages     = {045010},
  month     = {jul},
  doi       = {10.1088/1741-2560/9/4/045010},
  publisher = {{IOP} Publishing},
}

@Comment{jabref-meta: databaseType:bibtex;}
