@MISC{data2016,
  title={A library of human electrocorticographic data and analyses},
  author={Miller, Kai Joshua},
  year={2016},
  publisher={Stanford Digital Repository}
}

@article{eliseyev2012l1,
  title={L1-penalized N-way PLS for subset of electrodes selection in BCI experiments},
  author={Eliseyev, Andrey and Moro, Cecile and Faber, Jean and Wyss, Alexander and Torres, Napoleon and Mestais, Corinne and Benabid, Alim Louis and Aksenova, Tetiana},
  journal={Journal of neural engineering},
  volume={9},
  number={4},
  pages={045010},
  year={2012},
  publisher={IOP Publishing}
}

@article{eliseyev2011iterative,
  title={Iterative N-way partial least squares for a binary self-paced brain--computer interface in freely moving animals},
  author={Eliseyev, Andrey and Moro, Cecile and Costecalde, Thomas and Torres, Napoleon and Gharbi, Sadok and Mestais, Corinne and Benabid, Alim Louis and Aksenova, Tatiana},
  journal={Journal of neural engineering},
  volume={8},
  number={4},
  pages={046012},
  year={2011},
  publisher={IOP Publishing}
}

@article{geladi1986partial,
  title={Partial least-squares regression: a tutorial},
  author={Geladi, Paul and Kowalski, Bruce R},
  journal={Analytica chimica acta},
  volume={185},
  pages={1--17},
  year={1986},
  publisher={Elsevier}
}

@article{quandt2012single,
  title={Single trial discrimination of individual finger movements on one hand: a combined MEG and EEG study},
  author={Quandt, F and Reichert, Christoph and Hinrichs, Hermann and Heinze, Hans-Jochen and Knight, Robert T and Rieger, Jochem W},
  journal={NeuroImage},
  volume={59},
  number={4},
  pages={3316--3324},
  year={2012},
  publisher={Elsevier}
}

@inproceedings{wang2009predicting,
  title={Predicting intended movement direction using EEG from human posterior parietal cortex},
  author={Wang, Yijun and Makeig, Scott},
  booktitle={International Conference on Foundations of Augmented Cognition},
  pages={437--446},
  year={2009},
  organization={Springer}
}

@article{waldert2008hand,
  title={Hand movement direction decoded from MEG and EEG},
  author={Waldert, Stephan and Preissl, Hubert and Demandt, Evariste and Braun, Christoph and Birbaumer, Niels and Aertsen, Ad and Mehring, Carsten},
  journal={Journal of Neuroscience},
  volume={28},
  number={4},
  pages={1000--1008},
  year={2008},
  publisher={Soc Neuroscience}
}

@article{chao2010long,
  title={Long-term asynchronous decoding of arm motion using electrocorticographic signals in monkey},
  author={Chao, Zenas C and Nagasaka, Yasuo and Fujii, Naotaka},
  journal={Frontiers in neuroengineering},
  volume={3},
  pages={3},
  year={2010},
  publisher={Frontiers}
}

@inproceedings{gomez2010epidural,
  title={Epidural ECoG online decoding of arm movement intention in hemiparesis},
  author={Gomez-Rodriguez, M and Grosse-Wentrup, Moritz and Peters, Jan and Naros, G and Hill, Jeremy and Scholkopf, B and Gharabaghi, A},
  booktitle={Brain Decoding: Pattern Recognition Challenges in Neuroimaging (WBD), 2010 First Workshop on},
  pages={36--39},
  year={2010},
  organization={IEEE}
}

@article{nicolas2012brain,
  title={Brain computer interfaces, a review},
  author={Nicolas-Alonso, Luis Fernando and Gomez-Gil, Jaime},
  journal={Sensors},
  volume={12},
  number={2},
  pages={1211--1279},
  year={2012},
  publisher={Molecular Diversity Preservation International}
}

@article{motrenko2018multi,
  title={Multi-way feature selection for ECoG-based Brain-Computer Interface},
  author={Motrenko, Anastasia and Strijov, Vadim},
  journal={Expert Systems with Applications},
  volume={114},
  pages={402--413},
  year={2018},
  publisher={Elsevier}
}